<record><leader>00000cas a22000007a 4500</leader><controlfield tag="001">17109651</controlfield><controlfield tag="008">871128d18831921iauwr ne      0    0eng d</controlfield><datafield ind1=" " ind2=" " tag="010"><subfield code="a">sn 87057432 </subfield></datafield><datafield ind1=" " ind2=" " tag="040"><subfield code="a">INP</subfield><subfield code="b">eng</subfield><subfield code="c">INP</subfield><subfield code="d">OCLCQ</subfield></datafield><datafield ind1=" " ind2=" " tag="042"><subfield code="a">msc</subfield></datafield><datafield ind1="0" ind2="0" tag="245"><subfield code="a">Shelby County Republican.</subfield></datafield><datafield ind1="1" ind2="3" tag="246"><subfield code="a">Shelby Co. Republican</subfield></datafield><datafield ind1=" " ind2=" " tag="260"><subfield code="a">Harlan, Iowa :</subfield><subfield code="b">Oungst &amp; Girton,</subfield><subfield code="c">-1921.</subfield></datafield><datafield ind1=" " ind2=" " tag="300"><subfield code="a">v.</subfield></datafield><datafield ind1=" " ind2=" " tag="310"><subfield code="a">Weekly</subfield></datafield><datafield ind1="1" ind2=" " tag="362"><subfield code="a">Began in 1883.</subfield></datafield><datafield ind1="0" ind2=" " tag="362"><subfield code="a">-v. 52, no. 52 (Dec. 29, 1921).</subfield></datafield><datafield ind1=" " ind2=" " tag="500"><subfield code="a">Publisher varies.</subfield></datafield><datafield ind1=" " ind2=" " tag="515"><subfield code="a">Issues for &lt;Jan. 1, 1885-Mar. 10, 1887&gt; called also whole no. &lt;521-635&gt;.</subfield></datafield><datafield ind1=" " ind2=" " tag="588"><subfield code="a">Description based on: Vol. 11, no. 1 (Jan. 1, 1885).</subfield></datafield><datafield ind1=" " ind2=" " tag="752"><subfield code="a">United States</subfield><subfield code="b">Iowa</subfield><subfield code="c">Shelby</subfield><subfield code="d">Harlan.</subfield></datafield><datafield ind1="0" ind2="0" tag="780"><subfield code="t">Harlan weekly herald</subfield><subfield code="w">(DLC)sn 87057557</subfield></datafield><datafield ind1="0" ind2="0" tag="785"><subfield code="t">Harlan Republican</subfield><subfield code="w">(DLC)sn 87057447</subfield></datafield></record>